@article{PhysRevB.48.14472,
  title = {Roughness spectrum and surface width of self-affine fractal surfaces via the K-correlation model},
  author = {Palasantzas, George},
  journal = {Phys. Rev. B},
  volume = {48},
  issue = {19},
  pages = {14472--14478},
  numpages = {0},
  year = {1993},
  month = {Nov},
  publisher = {American Physical Society},
  doi = {10.1103/PhysRevB.48.14472},
  url = {https://link.aps.org/doi/10.1103/PhysRevB.48.14472}
}
@inproceedings{Mochi_SMILE,
author = {Iacopo Mochi and Michaela Vockenhuber and Timoth√©e Allenet and Yasin Ekinci},
title = {{Open-source software for SEM metrology}},
volume = {11518},
booktitle = {Photomask Technology 2020},
editor = {Moshe E. Preil},
organization = {International Society for Optics and Photonics},
publisher = {SPIE},
pages = {58 -- 67},
keywords = {EUV lithography, SEM, LWR, Metrology, Defect inspection},
year = {2020},
doi = {10.1117/12.2573154},
URL = {https://doi.org/10.1117/12.2573154}
}

