@inproceedings{10.1117/12.2573154,
author = {Iacopo Mochi and Michaela Vockenhuber and Timoth√©e Allenet and Yasin Ekinci},
title = {{Open-source software for SEM metrology}},
volume = {11518},
booktitle = {Photomask Technology 2020},
editor = {Moshe E. Preil},
organization = {International Society for Optics and Photonics},
publisher = {SPIE},
pages = {58 -- 67},
keywords = {EUV lithography, SEM, LWR, Metrology, Defect inspection},
year = {2020},
doi = {10.1117/12.2573154},
URL = {https://doi.org/10.1117/12.2573154}
}
